% Do dodawania kluczy do odmiennego sortowania niż według autora
% (bibtex nie radzi sobie z sortowaniem polskich znaków diakrytycznych)
@PREAMBLE{ {\providecommand{\noopsort}[1]{}} }

% Przykłady formatowania książek i artykułów w czasopismach
% Dostępne są jeszcze rozdziały w książkach (InBook),
% referaty konferencyjne (InProceedings), raporty (TechReport),
% prace nieopublikowane (Unpublished)
@book{Arn81,
    author      = "W. I. Arnold",
    title       = "Metody matematyczne mechaniki klasycznej",
    publisher   = "Państwowe Wydawnictwo Naukowe",
    year        =  1981
},

@book{copernicus1965revolutionibus,
  title={De revolutionibus orbium coelestium},
  author={N. Copernicus},
  year={1966},
  publisher={Culture et civilisation}
}

@book{newton,
author = "I. Newton",
title = "Matematyczne zasady filozofii przyrody",
publisher = "Copernicus Center Press",
year = "2011"
}

@book{feynman2007pan,
  title={"Pan raczy {\.z}artowa{\'c}, panie Feynman!": przypadki ciekawego cz{\l}owieka},
  author={Feynman, R.P. and Leighton, R. and Hutchings, E. and Biero{\'n}, T.},
  isbn={9788324007769},
  url={https://books.google.pl/books?id=t9PLGAAACAAJ},
  year={2007},
  publisher={Znak}
}

@book{RubKro12,
    author      = "W. Rubinowicz and W. Królikowski",
    title       = "Mechanika teoretyczna",
    publisher   = "Wydawnictwo Naukowe PWN",
    year        =  2012
},

@book{TchMu18,
    author      = "K. Tchoń and R. Muszyński",
    title       = "Mechanika analityczna. Notatki do wykładów z~dziedziny automatyki i robotyki",
    publisher   = "Katedra Cybernetyki i Robotyki, Wydział Elektroniki, Politechnika Wrocławska",
    year        =  2018
},

@article{LegMakeSens,
Author = {R.K.P. Zia and E.F. Redish and S.R. McKay},
Title = {Making Sense of the {Legendre Transform}},
journal = "American Journal of Physics",
number = 7,
volume = 77,
pages = {614--622},
Year = {2009},
Eprint = {arXiv:0806.1147},
Doi = {10.1119/1.3119512},
}

@article {JonMu,
author = "P. Joniak and R. Muszyński",
journal = {Journal of Automation, Mobile Robotics \& Intelligent Systems},
title = {Path following for two HOG wheels mobile robot},
year = {2017},
vollume = "11", 
pages = "75--81"
}

@article {JonMu2,
author = "P. Joniak and R. Muszyński",
journal = {Postępy robotyki},
title = {Model robota mobilnego napędzanego dwiema półsferami},
year = {2016},
vollume = "1", 
pages = "103--114"
}

@Article{antykwa,
  author = 	 {J. Nowacki},
  title = 	 {{Antykwa} {Toruńska} -– od początku do końca polska czcionka},
  journal = 	 {Biuletyn Polskiej Grupy Użytkowników Systemu \TeX},
  year = 	 1997,
  volume = 	 9,
  pages = 	 {26--27}}

@Article{eulerfont,
  author = 	 {D.~E. Knuth and H.~Zapf},
  title = 	 {{AMS} {Euler} --- {A} new typeface for mathematics},
  journal = 	 {Scholary Publishing},
  year = 	 1986,
  volume = 	 20,
  pages = 	 {131--157}}

% Przykłady formatowania prac dyplomowych
@mastersthesis{goral,
author = "D. Góral",
title = "Konstrukcja robota mobilnego napędzanego dwiema półsferami",
year = "2017",
school = "Wydział Mechaniczny, Politechnika Wrocławska",
type = "Praca dyplomowa inżynierska"
}

@mastersthesis{roberto,
author = "R. Orozco",
title = "Bąk jaki jest każdy widzi",
year = "2018",
school = "Wydział Elektroniki, Politechnika Wrocławska",
type = "Praca dyplomowa inżynierska"
}

@mastersthesis{jedrzej,
author = "J. Boczar",
title = "Control system for two {HOG} wheel mobile robot",
year = "2019",
school = "Wydział Elektroniki, Politechnika Wrocławska",
type = "Praca dyplomowa magisterska"
}

@mastersthesis{ryba,
author = "M. Rybczyński",
title = "Model robota mobilnego napędzanego za pośrednictwem półsfery",
year = "2013",
type = "Projekt inżynierski",
school = "Wydział Elektroniki, Politechnika Wrocławska"
}

@mastersthesis{Joniak,
author = "P. Joniak",
title = "Badania symulacyjne zachowania robota mobilnego napędzanego dwiema półsferami",
school = "Wydział Elektroniki, Politechnika Wrocławska",
year = "2014",
type = "Projekt inżynierski"
}

% Przykłady formatowania odnośników do oprogramowania
@misc{wolMat,
author = "Wolfram",
title = "Mathematica",
howpublished = {\url{http://www.wolfram.com/mathematica/}} 
}

@misc{matlab,
author = "MathWorks",
title = "MATLAB",
howpublished = {\url{https://www.mathworks.com/products/matlab.html}} 
}

@misc{matplotlib,
  author =      {John D. Hunter},
  title = 	 {matplotlib},
  howpublished = {\url{https://matplotlib.org/}}}

@misc{matlab2tikz,
  author =      {Nico Schlömer},
  title = 	 {matlab2tkiz},
  howpublished = {\url{https://www.mathworks.com/matlabcentral/fileexchange/22022-matlab2tikz-matlab2tikz}}}

@misc{geogebra,
author = "Markus Hohenwarter and others",
title = "GeoGebra",
howpublished = {\url{https://www.geogebra.org/}} 
}

@misc{gimp,
  key = 	 {Gimp},
  title = 	 {{GIMP}},
  howpublished = {\url{https://www.gimp.org}}}

@misc{python,
  key = 	 {Phyton},
  title = 	 {{Python}},
  howpublished = {\url{https://www.python.org/}}}

@misc{inkscape,
author = {{Inkscape Community}},
title = {Inkscape},
howpublished = {\url{https://inkscape.org/}},
}

@misc{overleaf,
author = {Overleaf},
title = {Overleaf},
howpublished = {\url{https://www.overleaf.com/}},
}

@misc{emacs,
  key = 	 {Emacs},
  title = 	 {{GNU} {Emacs}},
  howpublished = {\url{http://www.gnu.org/s/emacs}}}

@misc{emacslatex,
  author = 	 {Sachin Patil},
  title = 	 {How to create {\LaTeX} documents with {Emacs}},
  howpublished = {\url{https://opensource.com/article/18/4/how-create-latex-documents-emacs}},
  year = 	 2018}
 
@misc{auctex,
  key = 	 {Auctex},
  title = 	 {{AUC\TeX} -- Sophisticated document creation},
  howpublished = {\url{http://www.gnu.org/software/auctex}}}

@misc{latex,
  author = 	 {{Latex Project}},
  title = 	 {{\LaTeX} --- {A} document preparation system},
  howpublished = {\url{http://www.latex-project.org}}}

@Misc{led,
  author =       {A. Skórczyński and S. Deorowicz},
  title = 	 {{LEd}},
  howpublished = {\url{http://www.latexeditor.org}}}

@Misc{texworks,
  author =       {{\TeX} {Users} {Group}},
  title = 	 {{TeXworks}},
  howpublished = {\url{http://www.tug.org/texworks/}}}

@Misc{texstudio,
  author = {{Benito van der} Zander},
  title = 	 {{TeXstudio}},
  howpublished = {\url{https://www.texstudio.org/}}}

@Misc{texstudio_opis,
  author =       {Piotr Parafiniuk},
  title = 	 {{TeXstudio -– wygodne środowisko do tworzenia dokumentów w {\LaTeX}}},
  howpublished = {\url{https://www.dobreprogramy.pl/TeXstudio-wygodne-srodowisko-do-tworzenia-dokumentow-w-LaTeX,News,84750.html}}}

@Misc{texmaker,
  author =       {Pascal Brachet},
  title = 	 {{TeX{\it MAKER}}},
  howpublished = {\url{http://www.xm1math.net/texmaker/}}}

@Misc{programy_przeglad,
  author =       {Magdalena {\noopsort{Lzzachacz}Ł}achacz},
  title = 	 {{Programy dla studentów: jak rozpocząć pracę z {\LaTeX}-em?}},
  howpublished = {\url{https://www.dobreprogramy.pl/Programy-dla-studentow-jak-rozpoczac-prace-z-LaTeXem,News,84439.html}}}

@Misc{kile,
  author =       {Michel Ludwig},
  title = 	 {Kile},
  howpublished = {\url{kile.sourceforge.net}}}


% Przykłady formatowania materiałów internetowych, w tym odwołań do Wikipedii
@misc{przegCard,
author = "Wikipedia",
title = "Przegub {Cardana}",
howpublished = {\url{https://pl.wikipedia.org/wiki/Przegub_Cardana}}
}

@misc{emacs_wiki,
  author = 	 {Wikipedia},
  title = 	 {Emacs},
  howpublished = {\url{http://pl.wikipedia.org/wiki/Emacs}}}

@misc{gimp_wiki,
  author = 	 {Wikipedia},
  title = 	 {{GIMP}},
  howpublished = {\url{https://pl.wikipedia.org/wiki/GIMP}}}

@misc{grafika_wiki,
  author = 	 {Wikibooks},
  title = 	 {{\LaTeX}/{Importing} graphics},
  howpublished = {\url{https://en.wikibooks.org/wiki/LaTeX/Importing_Graphics}}}

@misc{inkscape_wiki,
  author = 	 {Wikipedia},
  title = 	 {Inkscape},
  howpublished = {\url{https://pl.wikipedia.org/wiki/Inkscape}}}

@misc{latex_wiki,
  author = 	 {Wikipedia},
  title = 	 {{\LaTeX}},
  howpublished = {\url{https://pl.wikipedia.org/wiki/LaTeX}}}

@misc{latex_wiki2,
  author = 	 {Wikibooks},
  title = 	 {{\LaTeX}},
  howpublished = {\url{https://pl.wikibooks.org/wiki/LaTeX}}}

@misc{list_wiki,
  author = 	 {Wikipedia},
  title = 	 {{\LaTeX}{Source Code Listings}},
  howpublished = {\url{https://en.wikibooks.org/wiki/LaTeX/Source_Code_Listings}}}
  

@misc{tikz_wiki,
  author = 	 {Wikibooks},
  title = 	 {{Ti{\it k}Z}},
  howpublished = {\url{https://en.wikibooks.org/wiki/LaTeX/PGF/TikZ}}}

@misc{vim_wiki,
  author = 	 {Wikipedia},
  title = 	 {Vim},
  howpublished = {\url{http://pl.wikipedia.org/wiki/Vim}}}



@misc{lshort2e,
  author = 	 {Tomasz Przechlewski and Ryszard Kubiak},
  title = 	 {Nie za krótkie wprowadzenie do systemu
                  {\LaTeXe} Albo
                  {\LaTeXe} w~129 minut},
  howpublished = {\url{ftp://ftp.gust.org.pl/pub/CTAN/info/lshort/polish/lshort2e.pdf}},
  year = 	 2007}

@misc{minted,
  author = 	 {Geoffrey M. Poore},
  title = 	 {The \texttt{minted} package: {Highlighted} source code in {\LaTeX}},
  howpublished = {\url{http://mirrors.ctan.org/macros/latex/contrib/minted/minted.pdf}},
  year = 	 2017}

@misc{amsmath,
  author = 	 {American Mathematical Society, {\LaTeX}3 Project},
  title = 	 {User's Guide for the \texttt{amsmath} Package},
  howpublished = {\url{http://texdoc.net/texmf-dist/doc/latex/amsmath/amsldoc.pdf}},
  year = 	 1999}

@misc{mathtools,
  author = 	 {Morten Høgholm and Lars Madsen},
  title = 	 {The \texttt{mathtools} package},
  howpublished = {\url{texdoc.net/show.php?pkg=mathtools}},
  year = 	 2018}

@misc{lshortpie,
  author = 	 {Ryszard Kostecki},
  title = 	 {W miarę krótki i praktyczny kurs {\LaTeX}a w
                  $\pi^\varepsilon$ minut},
  howpublished = {\url{www.fuw.edu.pl/~kostecki/kurs_latexa.pdf}},
  year = 	 2008}

@misc{cardano,
author = {J. J. O'Connor and E. F. Robertson},
title = {Girolamo {C}ardano},
publisher = {MacTutor},
howpublished = {\url{http://www-history.mcs.st-and.ac.uk/Biographies/Cardan.html}},
year = "1998"
}

@misc{draft_option,
author = {{\LaTeX} {Stack Exchange}},
title = {What does the draft mode change?},
howpublished = {\url{https://tex.stackexchange.com/questions/49277/what-does-the-draft-mode-change}},
}

@misc{hyphen_on,
author = {{\TeX} {FAQ}},
title = {Using a new language with Babel},
howpublished = {\url{https://texfaq.org/FAQ-newlang}},
}

@misc{latex_kurs,
author = {Przemysław Spurek},
title = {{\LaTeX} -- {KURS}},
howpublished = {\url{http://www.latex-kurs.x25.pl/}},
}

@misc{inkscape_preze,
author = {Gilles Castel},
title = {How {I} draw figures for my mathematical lecture notes using Inkscape},
howpublished = {\url{https://castel.dev/post/lecture-notes-2/}},
  note = 	 {University of Leuven}
}

@misc{tikz_preze,
  author = 	 {Nathalie Aubrun},
  title = 	 {How (and why) do I use {Ti{\it k}Z} to make my figures? },
  howpublished = {\url{https://tilingslyon2017.sciencesconf.org/data/tikz.pdf}},
  year = "2017",
  note = 	 {CNRS, Lyon}
  }

@misc{tikz_pol,
  author = 	 {{Łukasz} {Strąk}},
  title = 	 {Krótkie wprowadzenie do pakietu {Ti{\it k}Z}},
  howpublished = {\url{zaiio.ii.us.edu.pl/wp-content/uploads/2015/05/TikzPackage.pdf}},
  year = "2015",
  note = 	 {Uniwersytet Śląski}
  }

@misc{tikzit,
author = {{TikZiT Project}},
title = {{TikZiT}},
howpublished = {\url{https://tikzit.github.io/}},
}

@misc{latex_overleaf,
author = {Overleaf},
title = {Documentation},
howpublished = {\url{https://www.overleaf.com/learn}},
}

@misc{tikz_overleaf,
author = {Overleaf},
title = {{\LaTeX} {Graphics} using {Ti{\it k}Z}: {A} {Tutorial} for {Beginners}},
howpublished = {\url{https://www.overleaf.com/learn/latex/LaTeX_Graphics_using_TikZ:_A_Tutorial_for_Beginners_(Part_1)%E2%80%94Basic_Drawing}},
}



@misc{pgfplots,
author = {{Comprehensive {\TeX} Archive Network}},
title = {pgfplots -– {Create} normal/logarithmic plots in two and three dimensions},
howpublished = {\url{https://ctan.org/pkg/pgfplots}},
}



@misc{concr,
author = {The \LaTeX Font Catalogue},
title = {Computer {Concrete}},
howpublished = {\url{http://www.tug.dk/FontCatalogue/computerconcreteeuler/}},
}

@misc{palla,
author = {The \LaTeX Font Catalogue},
title = {New {PX}},
howpublished = {\url{http://www.tug.dk/FontCatalogue/newpx/}},
}

@misc{antyk,
author = {The \LaTeX Font Catalogue},
title = {Antykwa {Toruńska}},
howpublished = {\url{http://www.tug.dk/FontCatalogue/antykwatorunska/}},
}

@misc{CArn,
    author       = "C. Hind",
    title        = "Gyroscopes",
    howpublished = {\url{http://hindocarina.com/about/gyroscope/}}
}

@misc{PauliBohr,
    author       = "E. Gustafson",
    title        = "Pauli and {Bohr} watch a spinning top",
    howpublished = {\url{https://www.nature.com/milestones/milespin/full/milespin03.html}}
}

@misc{Jadczyk,
    author       = "A. Jadczyk",
    title        = "Układ otwarty",
    howpublished = {\url{https://www.salon24.pl/u/arkadiusz-jadczyk/}}
}

@misc{Ratajczak,
    author       = "A. Ratajczak",
    title        = "Klasa dokumentu -- \texttt{mgr.cls}",
    howpublished = {\url{http://rab.ict.pwr.wroc.pl/~ar/LaTeX/mgr.php}},
    note         = {Politechnika Wrocławska}
}

@misc{wzor_praca,
    author       = "R. Muszyński",
    title        = "Przykład składu pracy dyplomowej w systemie LaTeX z wykorzystaniem klasy \texttt{mgr.cls}",
    howpublished = {\url{http://www.kcir.pwr.edu.pl/~mucha/}},
    note         = {Politechnika Wrocławska}
}

@misc{kubik,
    author       = "T. Kubik",
    title        = "Szablon pracy dyplomowej",
    howpublished = {\url{http://tomasz.kubik.staff.iiar.pwr.wroc.pl/}},
    note         = {Politechnika Wrocławska}
}


@misc{wikibibtex,
author = "Wikipedia",
title = "{\BibTeX}",
howpublished = {\url{https://pl.wikipedia.org/wiki/BibTeX}}
}

@misc{bibtex,
author = "A. Feder ",
title = "Your {\BibTeX} resource",
howpublished = {\url{http://www.bibtex.org/}},
year = 2006
}

